<record xmlns="http://www.loc.gov/MARC21/slim" xmlns:xsi="http://www.w3.org/2001/XMLSchema-instance" xsi:schemaLocation="http://www.loc.gov/MARC21/slim http://www.loc.gov/standards/marcxml/schema/MARC21slim.xsd"><leader>01205nam a2200265   4500</leader><controlfield tag="001">001680748</controlfield><controlfield tag="003">NNU</controlfield><controlfield tag="006">m        d        </controlfield><controlfield tag="007">cr cn |||m|||a</controlfield><controlfield tag="008">140707s1969    iq      o     000 0 ara d</controlfield><datafield ind1=" " ind2=" " tag="040"><subfield code="a">NNU</subfield><subfield code="b">eng</subfield><subfield code="c">NNU</subfield></datafield><datafield ind1="0" ind2=" " tag="050"><subfield code="a">PJ6065</subfield><subfield code="b">.T3 (Orien Arab)</subfield></datafield><datafield ind1="1" ind2=" " tag="100"><subfield code="a">&#7788;&#257;hir, &#699;Al&#299; Jaw&#257;d.</subfield></datafield><datafield ind1="1" ind2="0" tag="245"><subfield code="a">Tadr&#299;s al-lughah al-&#699;Arab&#299;yah f&#299; mad&#257;ris al-mutawassi&#7789;ah wa-al-th&#257;naw&#299;yah</subfield><subfield code="h">[electronic resource] /</subfield><subfield code="c">&#699;Al&#299; Jaw&#257;d al-&#7788;&#257;hir.</subfield></datafield><datafield ind1=" " ind2=" " tag="260"><subfield code="a">al-Najaf :</subfield><subfield code="b">Ma&#7789;ba&#699;at al-Nu&#699;m&#257;n,</subfield><subfield code="c">1969.</subfield></datafield><datafield ind1=" " ind2=" " tag="300"><subfield code="a">online resource (126 p.)</subfield></datafield><datafield ind1=" " ind2=" " tag="500"><subfield code="a">Romanized.</subfield></datafield><datafield ind1=" " ind2=" " tag="500"><subfield code="a">Part of the Arabic Collections Online (ACO) project, contributed by New York Univeristy Libraries.</subfield></datafield><datafield ind1=" " ind2=" " tag="533"><subfield code="a">Electronic reproduction.</subfield><subfield code="b">New York, N.Y. :</subfield><subfield code="c">New York University,</subfield><subfield code="d">2014.</subfield><subfield code="5">NNU</subfield></datafield><datafield ind1=" " ind2="0" tag="650"><subfield code="a">Arabic philology</subfield><subfield code="x">Study and teaching.</subfield></datafield><datafield ind1="2" ind2=" " tag="710"><subfield code="a">New York University.</subfield><subfield code="b">Libraries.</subfield></datafield><datafield ind1="0" ind2=" " tag="730"><subfield code="a">Arabic Collections Online.</subfield></datafield><datafield ind1="0" ind2="8" tag="776"><subfield code="i">Print version:</subfield><subfield code="a">&#7788;&#257;hir, &#699;Al&#299; Jaw&#257;d.</subfield><subfield code="t">Tadr&#299;s al-lughah al-&#699;Arab&#299;yah f&#299; mad&#257;ris al-mutawassi&#7789;ah wa-al-th&#257;naw&#299;yah</subfield><subfield code="w">(NNU)001680748</subfield><subfield code="w">(DLC)70961789</subfield></datafield><datafield ind1="4" ind2="0" tag="856"><subfield code="u">http://hdl.handle.net/2333.1/vx0k6gdw</subfield></datafield><datafield ind1=" " ind2=" " tag="959"><subfield code="a">NNU</subfield><subfield code="b">WEB</subfield><subfield code="c">GENI</subfield><subfield code="t">0</subfield><subfield code="m">Electronic access</subfield><subfield code="s">01</subfield></datafield></record>